@inproceedings{Behr2009,
 author = {Behr, Johannes and Eschler, Peter and Jung, Yvonne and Z\"{o}llner, Michael},
 title = {X3DOM: a DOM-based HTML5/X3D integration model},
 booktitle = {Web3D'09},
 year = {2009},
 publisher = {ACM},
}

@proceedings{Dec3D2012,
  editor    = {Johannes Behr and
               Donald P. Brutzman and
               Ivan Herman and
               Jacek Jankowski and
               Kristian Sons},
  title     = {Proceedings of the 1st International Workshop on Declarative
               3D for the Web Architecture (Dec3D2012 at WWW2012), Lyon,
               France, April 17, 2012},
  booktitle = {Dec3D},
  publisher = {CEUR-WS.org},
  series    = {CEUR Workshop Proceedings},
  volume    = {869},
  year      = {2012},
}

@misc{Dec3D-CG,
 author = {\mbox{Dec3D CG}},
 title = {Declarative 3D for the Web Architecture Community Group},
 year = {2013},
 howpublished = {\url{http://www.w3.org/community/declarative3d/}},
}

@misc{Dec3D-LevelsOfIntegration,
 author = {\mbox{Dec3D CG}},
 title = {Levels Of Integration of 3D graphics on the Web},
 year = {2012},
 howpublished = {\url{http://www.w3.org/community/declarative3d/wiki/Level_of_Integration/}},
}

@inproceedings{JankowskiDec3D2012,
 author = {Jacek Jankowski},
 title = {Writing Effective Use Cases for the Declarative 3D for the Web Architecture},
 booktitle = {Dec3D'12},
 year = {2012},
 publisher = {CEUR-WS},
}

@misc{Khronos-WebGL,
 author = {Khronos},
 title = {WebGL - OpenGL ES 2.0 for the Web},
 year = {2011},
 howpublished = {\url{http://www.khronos.org/webgl/}},
}

@inproceedings{LeFeuvreDec3D2012,
 author = {Le Feuvre, Jean},
 title = {Towards Declarative 3D in Web Architecture},
 booktitle = {Dec3D'12},
 year = {2012},
 publisher = {CEUR-WS},
}

@misc{Sharp2010,
 author = {Remy Sharp},
 title = {What is a Polyfill?},
 year = {2010},
 howpublished = {\url{http://remysharp.com/2010/10/08/what-is-a-polyfill/}},
}

@inproceedings{Sons2010,
 author = {Sons, Kristian and Klein, Felix and Rubinstein, Dmitri and Byelozyorov, Sergiy and Slusallek, Philipp},
 title = {XML3D: interactive 3D graphics for the web},
 booktitle = {Web3D '10},
 year = {2010},
 publisher = {ACM},
}

@misc{W3C-DOM,
 author = {W3C},
 title = {Document Object Model (DOM)},
 year = {2005},
 howpublished = {\url{http://www.w3.org/DOM/}},
}

@misc{Web3D-X3D,
 author = {\mbox{Web3D Consortium}},
 title = {X3D},
 year = {2008},
 howpublished = {\url{http://www.web3d.org/x3d/specifications/}},
}

@misc{jquery,
	note = {\url{http://jquery.com/}},
	author = {John Resig},
	year = {2012},
	title = {{jQuery}}
}

@inproceedings{Trevett12,
 author     = {Trevett, Neil},
 title      = {3D Transmission Format},
 booktitle  = {Seventh AR Standards Community Meeting Talks},
 year       = {2012}, 
 location   = {Atlanta, GA, USA},
}

@inproceedings{Behr12,
 author     = {Behr, Johannes and Jung, Yvonne and Franke, Tobias and Sturm, Timo},
 title      = {Using images and explicit binary container for efficient and incremental delivery of declarative 3D scenes on the web},
 booktitle  = {Proc. Web3D},
 year       = {2012},
 location   = {Los Angeles, California},
 pages      = {17--25},
 publisher  = {ACM},
 address    = {New York, NY, USA}
} 

@misc{WebGL12,
	Author = {Chris Marrin},
	Note = {\url{https://www.khronos.org/registry/webgl/specs/latest/}},
	Title = {{WebGL} Specification},
	Year = {2012}
}

@misc{TypArr12,
	Author = {Khronos},
	Note = {\url{http://www.khronos.org/registry/typedarray/specs/latest/}},
	Title = {Typed Array Specification},
	Year = {2012}
}

@misc{Dec3D,
	note = {\url{http://www.w3.org/community/declarative3d/}},
	author = {{W3C Community Group}},
	year = {2012},
	title = {{Declarative 3D for the Web Architecture}}
}
