@inproceedings{Jankowski:2013,
	author = {Jankowski, Jacek and Ressler, Sandy and Sons, Kristian and Jung, Yvonne and Behr, Johannes and Slusallek, Philipp},
	title = {Declarative {I}ntegration of {I}nteractive {3D} {G}raphics into the {World-Wide Web}: {P}rinciples, {C}urrent {A}pproaches, and {R}esearch {A}genda},
	booktitle = {Proceedings of the 18th International Conference on 3D Web Technology},
	location = {San Sebastian, Spain},
	series = {Web3D '13},
	year = {2013},
	publisher = {ACM},
	note = "to be published",
	keywords = {Declarative 3D, HTML5, DOM Integration, Polyfill}
}